<collection xmlns="http://www.loc.gov/MARC21/slim">
<record>
  <leader>01389nam0a2200265 i 450 </leader>
  <controlfield tag="001">IT\ICCU\CNCE\004532</controlfield>
  <controlfield tag="005">20040517000000.0</controlfield>
  <datafield tag="012" ind1=" " ind2=" ">
    <subfield code="a">muer ese. str. So.i (C) 1540 (R)</subfield>
    <subfield code="2">fei</subfield>
  </datafield>
  <datafield tag="100" ind1=" " ind2=" ">
    <subfield code="a">19970101d1540        0itac0103    ba</subfield>
  </datafield>
  <datafield tag="101" ind1=" " ind2=" ">
    <subfield code="a">LAT</subfield>
  </datafield>
  <datafield tag="102" ind1=" " ind2=" ">
    <subfield code="a">IT</subfield>
  </datafield>
  <datafield tag="200" ind1="1" ind2=" ">
    <subfield code="a">Vocabularium breue magistri Gasparini Pergomensis. In quo continentur omnia genera vocabulorum: que in vsu frequenti &amp; quottidiana consuetudine versantur. Incipiens a rebus diuinis ad res celestes: aereas: maritimas: terrestres: inanimatas</subfield>
  </datafield>
  <datafield tag="210" ind1=" " ind2=" ">
    <subfield code="d">Brixie</subfield>
    <subfield code="e">Impressum Brixiae</subfield>
    <subfield code="g">per Lodouicum Britannicum</subfield>
    <subfield code="h">1540</subfield>
  </datafield>
  <datafield tag="215" ind1=" " ind2=" ">
    <subfield code="a">\36! c.</subfield>
    <subfield code="d">8ʻ</subfield>
  </datafield>
  <datafield tag="620" ind1=" " ind2=" ">
    <subfield code="a">IT</subfield>
    <subfield code="d">Brescia</subfield>
  </datafield>
  <datafield tag="700" ind1=" " ind2="1">
    <subfield code="a">Barzizza,</subfield>
    <subfield code="b">Gasparino</subfield>
    <subfield code="3">IT\ICCU\CNCA\001444</subfield>
  </datafield>
  <datafield tag="712" ind1="0" ind2="0">
    <subfield code="a">Britannico, Lodovico</subfield>
    <subfield code="c"> &lt;1.&gt;</subfield>
    <subfield code="3">IT\ICCU\CNCT\000930</subfield>
    <subfield code="4">650</subfield>
  </datafield>
  <datafield tag="790" ind1=" " ind2="0">
    <subfield code="a">Gasparinus</subfield>
    <subfield code="c"> : Pergamensis</subfield>
    <subfield code="3">IT\ICCU\CNCA\012582</subfield>
    <subfield code="z">Barzizza, Gasparino</subfield>
  </datafield>
  <datafield tag="791" ind1="0" ind2="2">
    <subfield code="a">℗In aedibus ℗Divae Margaritae</subfield>
    <subfield code="c"> &lt;1535&gt;</subfield>
    <subfield code="3">IT\ICCU\CNCT\003052</subfield>
    <subfield code="z">Britannico, Lodovico &lt;1.&gt;</subfield>
  </datafield>
  <datafield tag="791" ind1="0" ind2="0">
    <subfield code="a">Britanico, Lodovico</subfield>
    <subfield code="3">IT\ICCU\CNCT\004780</subfield>
    <subfield code="z">Britannico, Lodovico &lt;1.&gt;</subfield>
  </datafield>
  <datafield tag="791" ind1="0" ind2="0">
    <subfield code="a">Britannicus, Ludovicus</subfield>
    <subfield code="c"> &lt;1&gt;</subfield>
    <subfield code="3">IT\ICCU\CNCT\004781</subfield>
    <subfield code="z">Britannico, Lodovico &lt;1.&gt;</subfield>
  </datafield>
  <datafield tag="791" ind1="0" ind2="2">
    <subfield code="a">Chalcographia Britannica</subfield>
    <subfield code="3">IT\ICCU\CNCT\004782</subfield>
    <subfield code="z">Britannico, Lodovico &lt;1.&gt;</subfield>
  </datafield>
  <datafield tag="801" ind1=" " ind2="3">
    <subfield code="a">IT</subfield>
    <subfield code="b">ICCU</subfield>
    <subfield code="c">20201113</subfield>
  </datafield>
  <datafield tag="899" ind1=" " ind2=" ">
    <subfield code="a">Biblioteca comunale dell&apos;Archiginnasio. Bologna</subfield>
    <subfield code="1">BO0304</subfield>
    <subfield code="2">UBO GA</subfield>
  </datafield>
  <datafield tag="899" ind1=" " ind2=" ">
    <subfield code="a">Biblioteca Querini Stampalia. Venezia</subfield>
    <subfield code="1">VE0047</subfield>
    <subfield code="2">VEA QS</subfield>
  </datafield>
</record>
</collection>
